<record><leader>00000cas a22000007a 4500</leader><controlfield tag="001">22868988</controlfield><controlfield tag="008">901218d197719uuohuwr ne      0    0eng d</controlfield><datafield ind1=" " ind2=" " tag="010"><subfield code="a">sn 90068647 </subfield></datafield><datafield ind1=" " ind2=" " tag="040"><subfield code="a">ONP</subfield><subfield code="b">eng</subfield><subfield code="c">ONP</subfield><subfield code="d">OCLCQ</subfield></datafield><datafield ind1=" " ind2=" " tag="042"><subfield code="a">msc</subfield></datafield><datafield ind1="0" ind2=" " tag="130"><subfield code="a">Sentinel (Lima, Ohio)</subfield></datafield><datafield ind1="1" ind2="0" tag="245"><subfield code="a">Sentinel.</subfield></datafield><datafield ind1=" " ind2=" " tag="260"><subfield code="a">Lima, Ohio :</subfield><subfield code="b">Sentinel Pub. Co.</subfield></datafield><datafield ind1=" " ind2=" " tag="300"><subfield code="a">v.</subfield></datafield><datafield ind1=" " ind2=" " tag="310"><subfield code="a">Weekly</subfield></datafield><datafield ind1="1" ind2=" " tag="362"><subfield code="a">Began in 1977?</subfield></datafield><datafield ind1=" " ind2=" " tag="588"><subfield code="a">Description based on: Vol. 3, no. 28 (July 13, 1977).</subfield></datafield><datafield ind1=" " ind2=" " tag="752"><subfield code="a">United States</subfield><subfield code="b">Ohio</subfield><subfield code="c">Allen</subfield><subfield code="d">Lima.</subfield></datafield><datafield ind1="0" ind2="0" tag="780"><subfield code="t">Lima sentinel-suburban</subfield><subfield code="w">(DLC)sn 90068648</subfield></datafield></record>